@article{chd,
    title={Compress, hash and displace},
    author={Djamal Belazzougui, Fabiano C. Botelho, Martin Dietzfelbinger},
    url={http://cmph.sourceforge.net/papers/esa09.pdf},
}

@article{aset,
    title={The approximate set abstract data type},
    author={Alexander Towell},
    url={http://example.com},
}

@article{obset,
    title={The oblivious set abstract data type},
    author={Alexander Towell},
    url={http://example.com},
}
    
@article{simple,
    title={Simple and Space-Efficient Minimal Perfect Hash Functions},
    author={Fabiano C. Botelho, Rasmus Pagh, Nivio Ziviani},
    url={http://cmph.sourceforge.net/papers/wads07.pdf}
}

@article{oph,
    title={Random oracles that perfectly hash and are expected to obtain the lower-bound on space complexity},
    author={Alexander Towell},
    url={http://example.com}
}

@article{pmf,
    title={Perfect map filter},
    author={Alexander Towell},
    url={http://example.com}
}

@article{bf,
    title={Network Applications of Bloom Filters: A Survey},
    author={Andrei Broder, Michael Mitzenmacher},
    year={2005}
}

@book{manning,
 author = {Manning, Christopher D. and Raghavan, Prabhakar and Sch\"{u}tze, Hinrich},
 title = {Introduction to Information Retrieval},
 year = {2008},
 isbn = {0521865719, 9780521865715},
 publisher = {Cambridge University Press},
 address = {New York, NY, USA},
} 
